<?xml version="1.0" encoding="UTF-8"?><collection xmlns="http://www.loc.gov/MARC21/slim"><record><leader>00367nam--2200121-i-4500</leader><controlfield tag="001">000022182</controlfield><controlfield tag="002">20161230</controlfield><controlfield tag="005">20161230201034</controlfield><controlfield tag="008">060222s1000------------r-----000-0-eng-d</controlfield><datafield ind1=" " ind2=" " tag="080"><subfield code="a">539.12.162.8(061.3)</subfield></datafield><datafield ind1=" " ind2=" " tag="245"><subfield code="a">Ninth international annual conference on high energy physics. plenary session , kiev</subfield></datafield><datafield ind1=" " ind2=" " tag="260"><subfield code="a">Moscow, Academy Of Science Ussr, 1960, 439p</subfield></datafield><datafield ind1=" " ind2=" " tag="852"><subfield code="a">7400</subfield></datafield></record></collection>